@inproceedings{Sokol2018,
  title={Prediction of attacks against Honeynet based on time series modeling},
  author={Sokol, Pavol and Gajdo{\v{s}}, Andrej},
  booktitle={Proceedings of the Computational Methods in Systems and Software},
  pages={360--371},
  year={2017},
  organization={Springer}
}

@book{hyndman2018forecasting,
  title={Forecasting: principles and practice},
  author={Hyndman, Rob J and Athanasopoulos, George},
  year={2018},
  publisher={OTexts}
}

@book{box2015time,
  title={Time series analysis: forecasting and control},
  author={Box, George EP and Jenkins, Gwilym M and Reinsel, Gregory C and Ljung, Greta M},
  year={2015},
  publisher={John Wiley \& Sons}
}

% not used
@article{box1970distribution,
  title={Distribution of residual autocorrelations in autoregressive-integrated moving average time series models},
  author={Box, George E. P. and Pierce, David A.},
  journal={Journal of the American statistical Association},
  volume={65},
  number={332},
  pages={1509--1526},
  year={1970},
  publisher={Taylor \& Francis Group}
}

% not used
@article{ljung1978measure,
  title={On a measure of lack of fit in time series models},
  author={Ljung, Greta M and Box, George EP},
  journal={Biometrika},
  volume={65},
  number={2},
  pages={297--303},
  year={1978},
  publisher={Oxford University Press}
}

%% not used
@article{harvey1993time,
  title={Time series models},
  author={Harvey, Andrew C},
  year={1993},
  publisher={MIT press}
}

%% not used
@article{royston1995remark,
  title={Remark AS R94: A remark on algorithm AS 181: The W-test for normality},
  author={Royston, Patrick},
  journal={Journal of the Royal Statistical Society. Series C (Applied Statistics)},
  volume={44},
  number={4},
  pages={547--551},
  year={1995},
  publisher={JSTOR}
}

%% not used
@article{team2019r,
  title={R: A Language and Environment for Statistical Computing (Version 3.5. 2, R Foundation for Statistical Computing, Vienna, Austria, 2018)},
  author={Team, R Core},
  journal={There is no corresponding record for this reference.[Google Scholar]},
  year={2019}
}

@book{brockwell2016introduction,
  title={Introduction to time series and forecasting},
  author={Brockwell, Peter J and Davis, Richard A},
  year={2016},
  publisher={Springer}
}

%% not used
@article{rodriguez2009bootstrap,
  title={Bootstrap prediction intervals in state--space models},
  author={Rodriguez, Alejandro and Ruiz, Esther},
  journal={Journal of time series analysis},
  volume={30},
  number={2},
  pages={167--178},
  year={2009},
  publisher={Wiley Online Library}
}

%% not used
@article{thombs1990bootstrap,
  title={Bootstrap prediction intervals for autoregression},
  author={Thombs, Lori A. and Schucany, William R.},
  journal={Journal of the American Statistical Association},
  volume={85},
  number={410},
  pages={486--492},
  year={1990},
  publisher={Taylor \& Francis Group}
}


%% not used
@article{masarotto1990bootstrap,
  title={Bootstrap prediction intervals for autoregressions},
  author={Masarotto, Guido},
  journal={International Journal of Forecasting},
  volume={6},
  number={2},
  pages={229--239},
  year={1990},
  publisher={Elsevier}
}

@article{hyndman2006another,
  title={Another look at measures of forecast accuracy},
  author={Hyndman, Rob J. and Koehler, Anne B.},
  journal={International journal of forecasting},
  volume={22},
  number={4},
  pages={679--688},
  year={2006},
  publisher={Elsevier}
}

@book{hyndman2007automatic,
  title={Automatic time series for forecasting: the forecast package for R},
  author={Hyndman, Rob J. and Khandakar, Yeasmin and others},
  number={6},
  year={2007},
  publisher={Monash University, Department of Econometrics and Business Statistics}
}

@article{hyndman2014measuring,
  title={Measuring forecast accuracy},
  author={Hyndman, Rob J},
  journal={Business forecasting: Practical problems and solutions},
  pages={177--183},
  year={2014}
}

@inproceedings{condon2008analysis,
  title={Analysis of computer security incident data using time series models},
  author={Condon, Edward and He, Angela and Cukier, Michel},
  booktitle={Software Reliability Engineering, 2008. ISSRE 2008. 19th International Symposium on},
  pages={77--86},
  year={2008},
  organization={IEEE}
}

@article{zhan2015predicting,
  title={Predicting cyber attack rates with extreme values},
  author={Zhan, Zhenxin and Xu, Maochao and Xu, Shouhuai},
  journal={IEEE Transactions on Information Forensics and Security},
  volume={10},
  number={8},
  pages={1666--1677},
  year={2015},
  publisher={IEEE}
}

@inproceedings{werner2017time,
  title={Time series forecasting of cyber attack intensity},
  author={Werner, Gordon and Yang, Shanchieh and McConky, Katie},
  booktitle={Proceedings of the 12th Annual Conference on Cyber and Information Security Research},
  pages={18},
  year={2017},
  organization={ACM}
}

@article{wei2012intrusion,
  title={Intrusion detection scheme using traffic prediction for wireless industrial networks},
  author={Wei, Min and Kim, Keecheon},
  journal={J COMMUN NETW-S KOR},
  volume={14},
  number={3},
  pages={310--318},
  year={2012},
  publisher={IEEE}
}

@inproceedings{tang2016exploiting,
  title={Exploiting Vulnerability Disclosures: Statistical Framework and Case Study},
  author={Tang, MingJian and Alazab, Mamoun and Luo, Yuxiu},
  booktitle={Cybersecurity and Cyberforensics Conference (CCC), 2016},
  pages={117--122},
  year={2016},
  organization={IEEE}
}

@article{soldo2011blacklisting,
  title={Blacklisting recommendation system: Using spatio-temporal patterns to predict future attacks},
  author={Soldo, Fabio and Le, Anh and Markopoulou, Athina},
  journal={IEEE Journal on Selected Areas in Communications},
  volume={29},
  number={7},
  pages={1423--1437},
  year={2011},
  publisher={IEEE}
}

@article{Croston1972ForecastingAS,
  title={Forecasting and stock control for intermittent demands},
  author={Croston, J Do},
  journal={Journal of the Operational Research Society},
  volume={23},
  number={3},
  pages={289--303},
  year={1972},
  publisher={Taylor \& Francis}
}

@book{mehrotra2017anomaly,
  title={Anomaly Detection Principles and Algorithms},
  author={Mehrotra, Kishan G and Mohan, Chilukuri K and Huang, HuaMing},
  isbn={9783319675268},
  series={Terrorism, Security, and Computation},
  year={2017},
  publisher={Springer}
}

@article{Christou2015,
  title={On count time series prediction},
  author={Christou, Vasiliki and Fokianos, Konstantinos},
  journal={Journal of Statistical Computation and Simulation},
  volume={85},
  number={2},
  pages={357--373},
  year={2015},
  publisher={Taylor \& Francis}
}

@article{new_paper,
  author={Husak, Martin and Bartos, Vaclav and Sokol, Pavol and Gajdos, Andrej},
  title={Predictive Methods in Cyber Defense: Current Experience and Research Challenges},
  journal={Future Generation Computer Systems},
  year={Submitted},
  publisher={Elsiever},
} 

@inproceedings{kacha2015warden,
  title={Warden 3: Security event exchange redesign},
  author={Kacha, Pavel and Kostenec, Michal and Kropacova, Andrea},
  booktitle={19th International Conference on Computers: Recent Advances in Computer Science},
  year={2015}
}

@inproceedings{kacha2014idea,
  title={Idea: security event taxonomy mapping},
  author={Kacha, Pavel},
  booktitle={18th International Conference on Circuits, Systems, Communications and Computers},
  year={2014}
}

@article{Husak2018survey,
  title={Survey of attack projection, prediction, and forecasting in cyber security},
  author={Hus{\'a}k, Martin and Kom{\'a}rkov{\'a}, Jana and Bou-Harb, Elias and {\v{C}}eleda, Pavel},
  ISSN={1553-877X},
  journal={IEEE Communications Surveys \& Tutorials},
  volume={21},
  number={1},
  pages={640--660},
  year={2018},
  publisher={IEEE}
}

@inproceedings{Endsley1988,
  title={Situation awareness global assessment technique (SAGAT)},
  author={Endsley, Mica R},
  booktitle={Proceedings of the IEEE 1988 national aerospace and electronics conference},
  pages={789--795},
  year={1988},
  organization={IEEE}
}

@inproceedings{liu2015cloudy,
  title={Cloudy with a chance of breach: Forecasting cyber security incidents},
  author={Liu, Yang and Sarabi, Armin and Zhang, Jing and Naghizadeh, Parinaz and Karir, Manish and Bailey, Michael and Liu, Mingyan},
  booktitle={24th USENIX Security Symposium 15},
  pages={1009--1024},
  year={2015}
} 

@book{hendry1995dynamic,
  title={Dynamic econometrics},
  author={Hendry, David F and others},
  isbn={9780198283164},
  lccn={gb95034438},
  series={Advanced texts in econometrics},
  year={1995},
  publisher={Oxford University Press on Demand}
}

@incollection{Yang2014,
  title={Attack projection},
  author={Yang, Shanchieh Jay and Du, Haitao and Holsopple, Jared and Sudit, Moises},
  booktitle={Cyber Defense and Situational Awareness},
  pages={239--261},
  year={2014},
  publisher={Springer},
  isbn="978-3-319-11391-3"
}

@inproceedings{Leau2015,
  title={Network security situation prediction: a review and discussion},
  author={Leau, Yu-Beng and Manickam, Selvakumar},
  booktitle={International Conference on Soft Computing, Intelligence Systems, and Information Technology},
  pages={424--435},
  year={2015},
  organization={Springer},
  isbn="978-3-662-46742-8"
}

@incollection{Abdlhamed2017,
  title={Intrusion prediction systems},
  author={Abdlhamed, Mohamed and Kifayat, Kashif and Shi, Qi and Hurst, William},
  booktitle={Information Fusion for Cyber-Security Analytics},
  pages={155--174},
  year={2017},
  publisher={Springer}
}

@article{Sun2019,
  title={Data-driven cybersecurity incident prediction: A survey},
  author={Sun, Nan and Zhang, Jun and Rimba, Paul and Gao, Shang and Zhang, Leo Yu and Xiang, Yang},
  journal={IEEE Commun. Surv. Tutor},
  volume={21},
  number={2},
  pages={1744--1772},
  year={2018},
  publisher={IEEE}
}

@inproceedings{sokol2015study,
  title={Study of attack using honeypots and honeynets lessons learned from time-oriented visualization},
  author={Sokol, Pavol and Kleinov{\'a}, Lenka and Hus{\'a}k, Martin},
  booktitle={IEEE International Conference on Computer as a Tool (EUROCON)},
  pages={1--6},
  year={2015},
  organization={IEEE}
}

@article{cho2020toward,
  title={Toward proactive, adaptive defense: A survey on moving target defense},
  author={Cho, Jin-Hee and Sharma, Dilli P and Alavizadeh, Hooman and Yoon, Seunghyun and Ben-Asher, Noam and Moore, Terrence J and Kim, Dong Seong and Lim, Hyuk and Nelson, Frederica F},
  journal={IEEE Commun. Surv. Tutor},
  volume={22},
  number={1},
  pages={709--745},
  year={2020},
  publisher={IEEE}
}
